@phdthesis{williams12,
  school = {University of California, Berkeley},
  author = {{Williams}, Peter},
  title = {Exploring the Dynamic Radio Sky with the Allen Telescope Array},
  year = {2012}
}
